3000 4926
662 278 812 334 INHALT.
1287 277 1328 331 IX

1266 439 1328 480 Scite

175 518 208 566 69
228 509 348 580 (XXIII).
368 509 448 564 Mons
467 507 625 579 parturiens
641 551 1252 566 ..................
1294 513 1327 562 51

173 605 206 654 70
227 596 348 668 (XXIV).
364 598 493 652 Formica
511 600 541 652 et
559 614 657 652 musca
675 640 1251 655 .................
1293 603 1328 651 58

65 700 68 708 “
172 695 203 742 71
238 685 345 757 (XXV).
361 686 451 741 Poeta
457 727 1252 743 .......................
1294 691 1328 740 58

659 869 770 929 Liber
788 870 824 928 V.

171 975 214 1024 72.
341 968 478 1038 Prologus
493 1009 1251 1024 .....................
1294 973 1329 1022 54

289 1058 320 1127 Ι).
340 1054 499 1112 Demetrius
517 1073 567 1110 rex
585 1057 615 1109 et
632 1054 785 1110 Menander
802 1059 886 1127 poeta
923 1099 1250 1114 ..........
1292 1061 1327 1110 55
1377 1075 1382 1086 ’

303 1151 320 1214 ).

171 1064 205 1201 li
276 1061 302 1199 ll
339 1145 468 1199 Viatores
487 1146 517 1199 et
534 1145 608 1198 latro
638 1185 1251 1202 ..................
1292 1149 1327 1199 56

171 1240 205 1288 76
252 1234 320 1302 (Ill).
340 1232 440 1288 Calvus
462 1234 491 1286 et
508 1247 606 1286 musca
638 1273 1251 1290 ..................
1293 1239 1326 1288 57

172 1329 205 1377 76
250 1321 440 1390 (IV).,Asinus
460 1322 489 1374 et
506 1319 645 1388 porcellus
671 1362 1251 1378 .................
1293 1326 1328 1374 58

171 1415 204 1466 77
264 1409 320 1479 (V).
340 1410 442 1464 Scurra
460 1409 490 1463 et
506 1408 627 1462 rusticus
637 1451 1251 1465 ..................
1293 1413 1326 1464 58

125 1488 126 1491 “
171 1504 205 1553 78
249 1497 319 1568 (VI).
339 1497 443 1552 Calvus
462 1496 625 1566 etquidem
644 1496 818 1567 aequepilis
837 1497 962 1552 defectus
994 1540 1250 1554 ........
1293 1502 1327 1551 60

171 1593 204 1642 79
238 1586 319 1656 (7Π).
338 1585 471 1654 Princeps
489 1583 596 1641 tibicen
602 1628 1249 1643 ...................
1292 1590 1327 1640 60

169 1680 205 1729 80
223 1673 320 1746 (VIII).
339 1673 460 1744 Tempus
494 1716 1250 1731 ......................
1293 1679 1327 1728 63

170 1767 204 1818 81
252 1762 320 1832 (IX).
340 1761 448 1816 Taurus
467 1763 497 1817 et
515 1761 644 1817 vitulus.
673 1804 705 1826 .,
708 1804 1250 1819 ................
1292 1768 1326 1816 63

171 1855 205 1906 82
261 1851 317 1920 (X).
337 1850 420 1906 Oanis
439 1853 469 1905 et
486 1869 532 1905 sus
551 1852 581 1904 et
598 1853 715 1905 venator
743 1892 1249 1908 ...............
1292 1855 1327 1904 64

642 2033 841 2112 Appendix.

171 2137 205 2186 83
296 2132 353 2202 (ΙΙ).
374 2133 479 2188 Auctor
493 2173 1250 2190 ......................
1292 2136 1326 2186 65

169 2228 205 2277 84
280 2221 349 2291 (IV).
369 2222 553 2276 Prometheus
572 2224 601 2276 et
619 2219 705 2276 Dolus
743 2261 1250 2278 ...............
1292 2225 1327 2274 65

170 2313 205 2364 85
297 2309 351 2378 (V).
371 2311 477 2363 Auctor
497 2351 1252 2366 ......................
1293 2314 1327 2362 67

169 2403 203 2453 86
281 2397 350 2465 (Vl).
369 2400 475 2452 Auctor
493 2439 1247 2454 ......................
1291 2400 1325 2450 68

168 2491 203 2540 87
268 2485 350 2555 (Vll).
371 2487 497 2555 Aesopus
516 2487 546 2540 et
564 2485 683 2556 scriptor
707 2525 1250 2541 ................
1292 2489 1326 2538 59

168 2577 204 2628 88
256 2573 351 2641 (VIII).
370 2571 519 2640 Pompeius
538 2570 657 2642 Magnus
676 2573 705 2626 65
724 2571 783 2626 eius
801 2565 882 2627 miles
920 2614 1250 2629 ..........
1292 2577 1326 2626 68

169 2666 203 2717 89
295 2660 351 2729 (Χ).
371 2660 455 2714 Pater
473 2659 594 2713 familias
612 2660 642 2713 et
661 2658 786 2731 Aesopus
814 2701 1247 2718 .............
1290 2664 1325 2715 70

169 2755 203 2804 90
282 2746 351 2816 (ΧΙ).
370 2750 498 2817 Aesopus
518 2747 547 2801 et
564 2747 655 2802 victor
672 2749 819 2817 gymnicus
850 2790 1248 2805 ............
1252 2781 1253 2784 =
1291 2753 1325 2802 71

168 2843 202 2892 91
268 2834 349 2906 (Xll).
369 2835 472 2890 Asinus
492 2835 528 2890 ad
547 2835 636 2904 lyram
671 2879 1251 2893 .................
1293 2841 1325 2890 '12

169 2931 203 2980 92
254 2923 348 2993 (XVI).
369 2923 468 2978 Gallus
485 2923 588 2979 lectica
606 2940 623 2978 6
641 2922 744 2978 felibus
761 2927 858 2978 vectus
884 2966 1141 2982 ........
1144 2967 1145 2971 ,
1171 2968 1176 2981 .
1207 2967 1212 2980 .
1242 2968 1248 2981 .
1292 2931 1324 2980 79

168 3019 202 3068 98
226 3011 348 3082 (xvlss).
368 3011 494 3082 Aesopus
514 3015 543 3068 et
561 3029 657 3068 servus
675 3012 811 3083 profugus
850 3055 1248 3070 ............
1292 3019 1325 3068 72

168 3107 204 3156 94
253 3100 350 3171 (ΧΙΧ).
369 3101 464 3170 Equus
484 3101 656 3172 quadrigalis
675 3100 705 3154 in
723 3101 871 3171 pistrinum
890 3101 1076 3156 venumdatus
1099 3144 1248 3160 .....
1290 3109 1324 3158 76

168 3195 203 3244 95
232 3221 237 3228 -
268 3189 350 3259 (XX).
369 3190 456 3244 Ursus
475 3189 598 3245 esuriens
636 3231 1248 3247 ..................
1292 3196 1326 3244 74

168 3283 202 3333 96
253 3277 347 3347 (ΧΧΙ).
367 3277 466 3332 Viator
484 3280 513 3333 65
530 3295 631 3333 corvus
669 3319 1247 3336 .................
1290 3284 1325 3334 74

168 3372 201 3422 97
239 3365 346 3437 (XXII).
366 3365 466 3420 Pastor
484 3366 514 3421 et
531 3364 642 3436 capella
670 3409 1249 3424 .................
1292 3371 1325 3421 75

169 3459 203 3509 98
227 3453 348 3525 (ΧΧΙΙΙ).
368 3453 487 3524 Serpens
506 3456 536 3509 et
553 3452 662 3509 lacerta
672 3496 1249 3512 .................
1292 3460 1326 3510 75

169 3549 203 3598 99
228 3541 348 3612 (XXIV).
369 3542 472 3598 Cornix
490 3544 520 3597 65
538 3541 597 3597 ovis
635 3558 963 3600 ..;......;
994 3583 1248 3598 ........
1293 3549 1326 3600 75

152 3637 203 3686 100
223 3630 344 3699 (XXVI).
368 3631 461 3700 Lepus
480 3633 510 3685 65
527 3631 665 3687 bubulcus
672 3671 1248 3687 .................
1292 3636 1325 3685 76

153 3723 203 3773 101
228 3716 346 3787 (XXIX).
366 3717 477 3787 Papilio
496 3721 526 3774 et
542 3735 631 3788 vespa
637 3761 1247 3776 ..................
1292 3724 1325 3773 76

152 3811 204 3861 102
242 3804 350 3876 (XXX).
370 3805 539 3862 Terraneola
557 3809 587 3862 et
604 3809 702 3878 vulpes
708 3848 1248 3863 ................
1292 3812 1325 3862 77
