3000 4926
676 215 824 274 INHALT.

659 455 767 515 Liber
789 457 829 517 ΙΙ,
1269 487 1331 528 sm

159 558 203 608 30.
327 549 435 607 Auctor
463 594 1255 612 .......................
1297 563 1330 611 20

159 648 191 696 31
265 641 307 710 (Ι).
324 640 474 695 Iuvencus:
494 641 538 696 leo
558 642 587 696 et
604 641 756 710 praedator
783 685 1252 702 ..............
1295 651 1328 700 21

158 734 192 783 32
239 728 307 799 (ΙΠ).
327 728 455 798 Aesopus
474 728 510 782 ad
528 728 668 799 quendam
688 729 723 785 de
742 747 870 786 successu
887 731 1080 801 improborum
1103 775 1253 790 .....
1296 739 1329 786 22

157 823 192 871 33
237 816 306 887 (IV).
326 817 443 887 Aquila,
461 817 531 872 feles
550 819 580 871 et
597 833 666 887 aper
676 859 1253 878 .................
1294 828 1329 876 22

158 911 194 959 34
251 905 1254 975 (V).0aesaradatriensem.................·
1295 916 1329 964 23

160 997 194 1047 35
239 993 307 1063 (VI).
326 991 431 1062 Aquila
449 996 479 1049 et
497 993 594 1048 cornix
604 1037 1253 1054 ...................
1295 1003 1330 1052 25

160 1087 195 1134 36
231 1079 309 1150 (Vll).
327 1081 398 1136 Muli
416 1082 472 1136 duo
491 1083 520 1136 et
537 1083 664 1151 raptores
676 1125 1253 1142 .................
1295 1091 1329 1140 26

159 1173 193 1222 37
215 1168 310 1240 (VIII).
330 1170 433 1224 Cervus
451 1171 488 1224 ad
505 1168 591 1226 boves
605 1213 1253 1230 ...................
1295 1180 1329 1229 26

157 1261 201 1312 38.
326 1257 463 1328 Epilogus
496 1300 1252 1317 ......................
1294 1267 1327 1316 27

648 1480 759 1539 riser
782 1465 838 1540 ΙΙΙ.

36 1589 48 1608 ·
156 1581 192 1631 39
292 1576 334 1645 (Ι).
354 1577 430 1630 Anus
449 1576 486 1632 ad
505 1578 668 1648 amphoram
675 1620 1251 1636 .................
1294 1584 1329 1632 28
1448 1561 1451 1568 ‚

155 1668 191 1718 40
281 1665 337 1735 (ΙΙ).
357 1663 499 1720 Panthera
517 1667 547 1720 et
563 1667 690 1736 pastores
711 1707 1251 1724 ................
1294 1671 1327 1719 20

156 1759 189 1807 41
281 1753 337 1822 (V).
357 1756 484 1823 Aesopus
503 1754 533 1807 et
550 1754 680 1824 petulans
711 1797 1252 1812 ................
1295 1758 1329 1808 30

155 1847 191 1894 42
264 1841 333 1911 (ΙΙΙ).
352 1843 450 1896 Musca
469 1844 498 1897 et
515 1841 594 1897 mula
603 1885 1251 1901 ...................
1294 1847 1328 1897 30

156 1935 190 1984 43
250 1928 334 1998 (VH).
354 1930 449 2000 Lupus
468 1929 504 1984 ad
523 1945 621 1984 canem
637 1973 1250 1989 ..................
1293 1936 1325 1986 31

155 2023 190 2072 44
241 2009 336 2088 (VIII).
357 2016 441 2072 Soror
459 2019 488 2072 et
505 2018 605 2072 frater.
639 2060 1252 2076 ..................
1294 2026 1327 2074 32

154 2111 190 2160 45
263 2106 332 2176 (IX).
353 2105 481 2160 Socrates
499 2106 536 2160 ad
555 2104 659 2160 amicos
675 2147 1250 2165 .................
1293 2115 1328 2163 33

154 2201 189 2248 46
253 2194 333 2264 (XII).
351 2193 448 2248 Pullus
467 2194 503 2247 ad
521 2194 704 2262 margaritam
711 2235 1252 2252 ................
1294 2201 1327 2250 33

156 2289 190 2338 47
241 2282 336 2353 (XIII).
356 2285 431 2352 Apes
451 2284 480 2337 et
498 2281 556 2337 fuci
573 2298 660 2351 vespa
677 2281 770 2337 iudice
781 2325 1252 2342 ..............
1294 2291 1328 2340 34

154 2376 189 2428 48
239 2369 336 2442 (XIV).
354 2372 396 2425 De
414 2370 478 2424 lusu
497 2371 526 2424 et
544 2370 696 2426 severitate
709 2413 1251 2431 ................
1294 2379 1328 2428 35

154 2466 189 2516 49
235 2460 332 2532 (XVI).
352 2457 455 2514 Oicada
473 2461 502 2514 et
520 2460 624 2513 noctua
636 2501 1250 2519 ..................
1293 2469 1327 2516 36

155 2555 189 2604 50
223 2547 331 2619 (XVII).
349 2549 470 2603 Arbores
487 2546 517 2602 in
536 2548 652 2603 deorum
670 2547 761 2603 tutela
780 2591 1250 2608 ..............
1294 2555 1326 2605 37

155 2643 187 2692 51
209 2636 331 2709 (xvul).
351 2637 427 2691 Pavo
445 2637 482 2691 ad
501 2638 634 2692 Iunonem
653 2636 689 2691 de
707 2654 775 2692 voce
796 2655 846 2693 sua
853 2681 1250 2696 ............
1293 2645 1325 2693 37

155 2731 188 2782 52
239 2726 334 2798 (ΧΙΧ).
354 2725 480 2797 Aesopus
498 2726 648 2797 respondet
665 2725 779 2795 garnuo
817 2768 1250 2784 .............
1293 2731 1345 2781 33

647 2943 757 3004 Liber
779 2945 830 3005 IV.

154 3049 188 3100 53
271 3045 315 3115 (Ι).
335 3042 437 3098 Asinus
457 3045 486 3098 et
504 3042 579 3096 Galli
603 3080 1251 3098 ...................
1293 3049 1327 3098 39

155 3137 191 3187 54
262 3131 319 3203 (ΙΙ).
337 3132 433 3187 Poeta.
471 3131 513 3184 De
531 3128 654 3183 mustela
672 3132 701 3184 et
719 3128 845 3184 muribus
852 3171 1249 3186 ............
1291 3135 1326 3184 40

154 3224 189 3275 55
247 3219 315 3289 (ΠΙ).
335 3219 377 3274 ΒΘ
396 3218 480 3289 vulpe
500 3219 530 3273 et
547 3235 603 3272 uva
635 3259 1249 3276 ..................
1290 3223 1324 3273 41

155 3315 189 3364 56
247 3307 316 3380 (ΙΙΙ).
335 3309 431 3376 Equus
450 3309 479 3362 et
498 3323 565 3377 aper
602 3348 1250 3364 ...................
1291 3313 1325 3363 41

154 3403 188 3454 57
248 3396 317 3467 (VI).
336 3397 435 3465 Pugna
453 3393 573 3449 murium
592 3395 622 3448 et
639 3394 821 3450 mustelarum
850 3437 1250 3453 ............
1291 3401 1325 3450 42

154 3491 189 3544 58
234 3486 317 3556 (VII).
335 3485 480 3540 Phaedrus
494 3524 1251 3541 ......................
1293 3488 1327 3539 43

155 3579 190 3632 50
223 3573 319 3644 (VHl).
338 3572 458 3643 Serpens
476 3574 513 3628 ad
530 3571 642 3628 fabrum
660 3571 808 3627 ferrarium
818 3614 1252 3630 .............
1293 3576 1328 3626 45

157 3667 192 3718 60
250 3661 320 3732 (IX).
339 3662 447 3731 Vulpes
465 3663 495 3716 et
513 3677 597 3732 caper
602 3702 1251 3719 ...................
1292 3664 1327 3714 45

156 3756 189 3808 61
264 3751 320 3821 (Χ).
338 3749 380 3806 ΒΘ
399 3749 476 3804 vitiis
495 3750 640 3806 homiuum
673 3790 1251 3807 .................
1292 3753 1327 3802 48

155 3847 189 3896 62
248 3837 316 3910 (ΙΙΙ).
335 3837 392 3893 Fur
409 3839 439 3894 et
456 3837 571 3893 lucerna
607 3879 1249 3896 ...................
1292 3842 1327 3891 46

155 3935 189 3985 63
234 3926 317 3998 (ΧΠ).
336 3926 427 3981 Malas
446 3941 507 3980 esse
526 3926 640 3981 divitias
673 3967 1252 3984 .................
1293 3928 1327 3979 47

156 4022 191 4074 64
224 4015 319 4087 (XVI).
338 4014 380 4070 De
399 4014 491 4085 capris
509 4015 635 4071 barbatis
673 4054 1252 4073 .................
1293 4015 1327 4066 48

155 4110 190 4161 55
209 4103 320 4175 (XVII).
338 4103 380 4158 De
399 4101 519 4158 fortunis
537 4102 683 4158 hominum
716 4146 722 4159 .
746 4146 752 4159 .
782 4145 788 4159 .
814 4097 817 4101 ’
817 4143 1251 4160 .............
1294 4106 1328 4155 48

155 4199 189 4250 66
225 4193 322 4265 (XIX).
341 4193 468 4264 Serpens.
505 4189 700 4247 Misericordia
717 4190 819 4247 nociva
852 4231 1252 4248 ............
1293 4193 1328 4242 48

155 4287 189 4338 67
235 4281 317 4352 (XX).
338 4280 444 4350 Vulpes
463 4282 494 4335 et
511 4281 595 4335 draco
601 4319 1251 4338 ...................
1292 4281 1327 4331 49

154 4376 190 4426 08
209 4370 318 4443 (XXII).
336 4371 378 4425 De
398 4369 541 4425 Simonide
574 4406 1253 4428 .....................
1296 4370 1329 4420 50
